<?xml version="1.0" encoding="UTF-8"?><collection xmlns="http://www.loc.gov/MARC21/slim"><record><leader>00385nam--2200157-i-4500</leader><controlfield tag="001">000021013</controlfield><controlfield tag="002">20161230</controlfield><controlfield tag="005">20161230201034</controlfield><controlfield tag="008">060222s1000------------r-----000-0-eng-d</controlfield><datafield ind1=" " ind2=" " tag="020"><subfield code="a">973-575-</subfield></datafield><datafield ind1=" " ind2=" " tag="080"><subfield code="a">517.98</subfield></datafield><datafield ind1=" " ind2=" " tag="100"><subfield code="a">Armeanu, Ion</subfield></datafield><datafield ind1=" " ind2=" " tag="245"><subfield code="a">Analiza functionala</subfield></datafield><datafield ind1=" " ind2=" " tag="260"><subfield code="a">Bucuresti, Ed. Universitatii, 1998. 185 P</subfield></datafield><datafield ind1=" " ind2=" " tag="852"><subfield code="a">80912</subfield><subfield code="c">517</subfield></datafield><datafield ind1=" " ind2=" " tag="CAT"><subfield code="a">Sys</subfield><subfield code="c">20080714</subfield><subfield code="h">121421</subfield></datafield></record></collection>